@book{alexander2013fundamentos,
  title={Fundamentos de circuitos el{\'e}tricos},
  author={Alexander, Charles K and Sadiku, Matthew NO},
  year={2013},
  publisher={AMGH Editora}
}